<record><leader>00000cas a22000007a 4500</leader><controlfield tag="001">12395872</controlfield><controlfield tag="008">850817d19061914iauwr ne      0    0eng d</controlfield><datafield ind1=" " ind2=" " tag="010"><subfield code="a">sn 85050884 </subfield></datafield><datafield ind1=" " ind2=" " tag="040"><subfield code="a">INP</subfield><subfield code="b">eng</subfield><subfield code="c">INP</subfield><subfield code="d">OCLCQ</subfield></datafield><datafield ind1=" " ind2=" " tag="042"><subfield code="a">msc</subfield></datafield><datafield ind1="0" ind2=" " tag="130"><subfield code="a">Optimus (Cedar Rapids, Iowa)</subfield></datafield><datafield ind1="1" ind2="4" tag="245"><subfield code="a">The Optimus.</subfield></datafield><datafield ind1="1" ind2="7" tag="246"><subfield code="a">Weekly optimus</subfield></datafield><datafield ind1=" " ind2=" " tag="260"><subfield code="a">Cedar Rapids, Iowa :</subfield><subfield code="b">Optimus Co.,</subfield><subfield code="c">-1914.</subfield></datafield><datafield ind1=" " ind2=" " tag="300"><subfield code="a">v. :</subfield><subfield code="b">ill. ;</subfield><subfield code="c">54-55 cm.</subfield></datafield><datafield ind1=" " ind2=" " tag="310"><subfield code="a">Weekly</subfield></datafield><datafield ind1="1" ind2=" " tag="362"><subfield code="a">Began in 1906.</subfield><subfield code="z">Cf. Bibl. of Iowa newspapers.</subfield></datafield><datafield ind1="0" ind2=" " tag="362"><subfield code="a">-v. 9, no. 4 (Mar. 20, 1914).</subfield></datafield><datafield ind1=" " ind2=" " tag="500"><subfield code="a">May 29, 1908, issue includes special edition on railroads called: "Picturesque Iowa along the interurban."</subfield></datafield><datafield ind1=" " ind2=" " tag="500"><subfield code="a">Editors: A.R. Dodd, Apr. 6, 1906-June 15, 1906; Carl S. Evans, Oct. 12, 1906-Apr. 12, 1907; E.C. Barber, Dec. 13, 1907-Mar. 20, 1914.</subfield></datafield><datafield ind1=" " ind2=" " tag="588"><subfield code="a">Description based on: Vol. 1, no. 3 (Mar. 16, 1906).</subfield></datafield><datafield ind1=" " ind2=" " tag="752"><subfield code="a">United States</subfield><subfield code="b">Iowa</subfield><subfield code="c">Linn</subfield><subfield code="d">Cedar Rapids.</subfield></datafield><datafield ind1="0" ind2="0" tag="785"><subfield code="t">Cedar Rapids leader</subfield><subfield code="w">(DLC)sn 85050883</subfield></datafield></record>